<?xml version="1.0" encoding="UTF-8"?><record xmlns="http://www.loc.gov/MARC21/slim" xmlns:cinclude="http://apache.org/cocoon/include/1.0" xmlns:zs="http://www.loc.gov/zing/srw/">
  <leader>00588cz  a2200157n  4500</leader>
  <controlfield tag="001">n  88656666 </controlfield>
  <controlfield tag="003">DLC</controlfield>
  <controlfield tag="005">19980630051337.1</controlfield>
  <controlfield tag="008">880823n| acannaab|          |a aaa      </controlfield>
  <datafield tag="010" ind1=" " ind2=" ">
    <subfield code="a">n  88656666 </subfield>
  </datafield>
  <datafield tag="040" ind1=" " ind2=" ">
    <subfield code="a">DLC</subfield>
    <subfield code="c">DLC</subfield>
    <subfield code="d">Uk</subfield>
  </datafield>
  <datafield tag="100" ind1="1" ind2="0">
    <subfield code="a">Gellings, P. J.</subfield>
  </datafield>
  <datafield tag="400" ind1="1" ind2="0">
    <subfield code="a">Gellings, Paul J.</subfield>
  </datafield>
  <datafield tag="670" ind1=" " ind2=" ">
    <subfield code="a">nuc87-100315: Author's Introduction to corrosion prevention and control, 1985</subfield>
    <subfield code="b">(hdg. on IaAS rept.: Gellings, P. J.; usage: P.J. Gellings)</subfield>
  </datafield>
  <datafield tag="670" ind1=" " ind2=" ">
    <subfield code="a">LC data base, 8-23-88</subfield>
    <subfield code="b">(hdg.: Gellings, P. J.)</subfield>
  </datafield>
  <datafield tag="670" ind1=" " ind2=" ">
    <subfield code="a">The CRC handbook of solid state electrochemistry, c1997:</subfield>
    <subfield code="b">p.1 (Paul J. Gellings)</subfield>
  </datafield>
</record>